@ARTICLE{godunov59,
  author = {Godunov, S. K.},
  title = {A difference scheme for numerical computation of discontinuous
          solutions of equations of fluids mechanics},
  year = 1959,
  journal = {Math Sbornik},
  volume = {n 47},
  pages = {271-306}
}
@BOOK{raviart96,
  author = {Godlewski, E. and Raviart, P. A.},
  title = {Numerical approximation of hyperbolic systems of conservation
          laws},
  year = 1996,
  publisher = {Springer}
}
@ARTICLE{karni94,
  author = {Karni, S.},
  title = {Multicomponent flow calculations by a consistent primitive
algorithm},
  year = 1994,
  journal = {Journal of Computational Physics},
  volume = {n 47},
  pages = {1115--1145}
}
@article {osher92,
    AUTHOR = {Mulder, W. and Osher, S. and Sethian, J. A.},
     TITLE = {Computing interface motion in compressible gas dynamics},
   JOURNAL = {J. Comput. Phys.},
  FJOURNAL = {Journal of Computational Physics},
    VOLUME = {100},
      YEAR = {1992},
    NUMBER = {2},
     PAGES = {209--228},
      ISSN = {0021-9991},
     CODEN = {JCTPAH},
   MRCLASS = {76M25 (76E99 76N15)},
  MRNUMBER = {93a:76077},
}
@article {saurel99,
    AUTHOR = {Saurel, R. and Abgrall, R.},
     TITLE = {A simple method for compressible multifluid flows},
   JOURNAL = {SIAM J. Sci. Comput.},
  FJOURNAL = {SIAM Journal on Scientific Computing},
    VOLUME = {21},
      YEAR = {1999},
    NUMBER = {3},
     PAGES = {1115--1145},
      ISSN = {1095-7197},
   MRCLASS = {65M06 (76M20 76N15)},
  MRNUMBER = {2001b:65089},
}
@ARTICLE{vanleer79,
  author = {Van Leer, B.},
  title = {Towards the ultimate conservative difference scheme. A second
          order sequel to the Godunov's method},
  year = 1979,
  journal = {Journal of Computational Physics},
  volume = 32,
  pages = {101-136}
}
@article {karni96,
    AUTHOR = {Karni, S.},
     TITLE = {Hybrid multifluid algorithms},
   JOURNAL = {SIAM J. Sci. Comput.},
  FJOURNAL = {SIAM Journal on Scientific Computing},
    VOLUME = {17},
      YEAR = {1996},
    NUMBER = {5},
     PAGES = {1019--1039},
      ISSN = {1064-8275},
     CODEN = {SJOCE3},
   MRCLASS = {76M20 (65M12 65N15 76L05 76N15 76T05)},
  MRNUMBER = {97j:76038},
}
@article {hou94,
    AUTHOR = {Hou, T. Y. and LeFloch, P. G.},
     TITLE = {Why nonconservative schemes converge to wrong solutions: error
              analysis},
   JOURNAL = {Math. Comp.},
  FJOURNAL = {Mathematics of Computation},
    VOLUME = {62},
      YEAR = {1994},
    NUMBER = {206},
     PAGES = {497--530},
      ISSN = {0025-5718},
     CODEN = {MCMPAF},
   MRCLASS = {65M12 (35L65 65G05)},
  MRNUMBER = {94g:65093},
MRREVIEWER = {Randall J. LeVeque},
}
@article {karni01,
    AUTHOR = {Abgrall, R. and Karni, S.},
     TITLE = {Computations of compressible multifluids},
   JOURNAL = {Journal of Computational Physics},
  FJOURNAL = {Journal of Computational Physics},
    VOLUME = {169},
      YEAR = {2001},
    NUMBER = {2},
     PAGES = {594--623},
      ISSN = {0021-9991},
     CODEN = {JCTPAH},
   MRCLASS = {76M25 (76-02 76N99)},
  MRNUMBER = {2002b:76077},
}
@article {karni94,
    AUTHOR = {Karni, S.},
     TITLE = {Multicomponent flow calculations by a consistent primitive
              algorithm},
   JOURNAL = {J. Comput. Phys.},
  FJOURNAL = {Journal of Computational Physics},
    VOLUME = {112},
      YEAR = {1994},
    NUMBER = {1},
     PAGES = {31--43},
      ISSN = {0021-9991},
     CODEN = {JCTPAH},
   MRCLASS = {76M25 (76L05 76N15 76T05)},
  MRNUMBER = {95a:76072},
}
@article {fedkiw99,
    AUTHOR = {Fedkiw, R. P. and Aslam, T. and Merriman, B. and
              Osher, S.},
     TITLE = {A non-oscillatory {E}ulerian approach to interfaces in
              multimaterial flows (the ghost fluid method)},
   JOURNAL = {J. Comput. Phys.},
  FJOURNAL = {Journal of Computational Physics},
    VOLUME = {152},
      YEAR = {1999},
    NUMBER = {2},
     PAGES = {457--492},
      ISSN = {0021-9991},
     CODEN = {JCTPAH},
   MRCLASS = {76M20},
  MRNUMBER = {2000c:76061},
}
@article {abgrall96,
    AUTHOR = {Abgrall, R.},
     TITLE = {How to prevent pressure oscillations in multicomponent flow
              calculations: a quasi-conservative approach},
   JOURNAL = {J. Comput. Phys.},
  FJOURNAL = {Journal of Computational Physics},
    VOLUME = {125},
      YEAR = {1996},
    NUMBER = {1},
     PAGES = {150--160},
      ISSN = {0021-9991},
     CODEN = {JCTPAH},
   MRCLASS = {76M25 (76L05 76T05)},
  MRNUMBER = {96k:76082},
}
@article {butler99,
    AUTHOR = {Saurel, R. and Cocchi, J.P. and Butler, P.B.},
     TITLE = {A Numerical Study of Cavitation in the Wake of a Hypervelocity
Underwater Projectile},
   JOURNAL = {AIAA Journal of Propulsion and Power},
  FJOURNAL = {AIAA Journal of Propulsion and Power},
    VOLUME = {15},
      YEAR = {1999},
    NUMBER = {4},
     PAGES = {513--522},
}
@incollection {kuszla98,
    AUTHOR = {Kuszla, P. and Daru, V.},
     TITLE = {Numerical simulation of high-speed liquid jets},
 BOOKTITLE = {Computational mechanics (Buenos Aires, 1998)},
     PPAGES = {CD-ROM file},
 PUBLISHER = {Centro Internac. M\'etodos Num\'er. Ing.},
   ADDRESS = {Barcelona},
      YEAR = {1998},
   MRCLASS = {76M25 (76B10)},
  MRNUMBER = {1 839 102},
}
@article {dubois88,
    AUTHOR = {Dubois, F. and LeFloch, P.},
     TITLE = {Boundary conditions for nonlinear hyperbolic systems of
              conservation laws},
   JOURNAL = {J. Differential Equations},
  FJOURNAL = {Journal of Differential Equations},
    VOLUME = {71},
      YEAR = {1988},
    NUMBER = {1},
     PAGES = {93--122},
      ISSN = {0022-0396},
     CODEN = {JDEQAK},
   MRCLASS = {35L65},
  MRNUMBER = {89c:35099},
MRREVIEWER = {A. O. Oganesyan},
}
@article {saurel97,
    AUTHOR = {Cocchi, J. P. and Saurel, R.},
     TITLE = {A {R}iemann problem based method for the resolution of
              compressible multimaterial flows},
   JOURNAL = {Journal of Computational Physics},
  FJOURNAL = {Journal of Computational Physics},
    VOLUME = {137},
      YEAR = {1997},
    NUMBER = {2},
     PAGES = {265--298},
      ISSN = {0021-9991},
     CODEN = {JCTPAH},
   MRCLASS = {76M20 (76L05)},
  MRNUMBER = {98j:76093},
}
@article {osher96,
    AUTHOR = {Chang, Y. C. and Hou, T. Y. and Merriman, B. and Osher, S.},
     TITLE = {A level set formulation of {E}ulerian interface capturing
              methods for incompressible fluid flows},
   JOURNAL = {Journal of Computational Physics},
    VOLUME = {124},
      YEAR = {1996},
    NUMBER = {2},
     PAGES = {449--464},
      ISSN = {0021-9991},
     CODEN = {JCTPAH},
   MRCLASS = {76M20 (76D05)},
  MRNUMBER = {97a:76087},
}
@BOOK{franc95,
  author = {Franc, J. P. and \textit{al.}},
  title = {La Cavitation: Mécanismes Physiques et Aspects Industriels},
  year = 1995,
  publisher = {Presses Universitaires de Grenoble}
}
@incollection {helluy02,
    AUTHOR = {Helluy, P. and Barberon, T.},
     TITLE = {Finite Volume Simulations of Cavitating Flows},
 BOOKTITLE = {Finite Volumes for Complex Applications III (Porquerolles, 2002)},
     PAGES = {455--462},
 PUBLISHER = {Hermes Penton Ltd},
   ADDRESS = {London},
      YEAR = {2002},
}
@incollection {nkonga02,
    AUTHOR = {Berthon, C. and Nkonga, B.},
     TITLE = {Behavior of the Finite Volumes schemes in Material and Numerical Interfaces},
 BOOKTITLE = {Finite Volumes for Complex Applications III (Porquerolles, 2002)},
     PAGES = {139--146},
 PUBLISHER = {Hermes Penton Ltd},
   ADDRESS = {London},
      YEAR = {2002},
}

@book {godunov79,
    AUTHOR = {Godounov, S. and Zabrodine, A. and Ivanov, M. and Kra\u{\i}ko, A. and Prokopov, G.},
     TITLE = {R\'esolution num\'erique des probl\`emes multidimensionnels de
              la dynamique des gaz},
      NOTE = {Translated from the Russian by Val\'eri Platonov},
 PUBLISHER = {``Mir''},
   ADDRESS = {Moscow},
      YEAR = {1979},
     PAGES = {414},
   MRCLASS = {76-02 (65P05 76Nxx)},
  MRNUMBER = {82c:76003},
}
@incollection {dubois01,
    AUTHOR = {Dubois, F.},
     TITLE = {Partial Riemann problem, boundary conditions and gas dynamics},
 BOOKTITLE = {Absorbing Boundaries and Layers, Domain Decomposition Methods.
Applications to Large Scale Computations, Loïc Tourrette and Laurence Halpern, eds.},
     PAGES = {16--77},
 PUBLISHER = {Nova Science Publishers, Inc.},
   ADDRESS = {New York},
      YEAR = {2001},
}
@article {harten83,
    AUTHOR = {Harten, A. and Lax, P. D. and Van Leer, B.},
     TITLE = {On upstream differencing and {G}odunov-type schemes for
              hyperbolic conservation laws},
   JOURNAL = {SIAM Rev.},
  FJOURNAL = {SIAM Review. A Publication of the Society for Industrial and
              Applied Mathematics},
    VOLUME = {25},
      YEAR = {1983},
    NUMBER = {1},
     PAGES = {35--61},
      ISSN = {0036-1445},
     CODEN = {SIREAD},
   MRCLASS = {65M05 (35L65)},
  MRNUMBER = {85h:65188},
MRREVIEWER = {P. M. Dew},
}
@article {seguin03,
    AUTHOR = {Gallouët, T. and Hérard, J. M. and Seguin N.},
     TITLE = {A hybrid scheme to compute contact discontinuities in one-dimensional Euler systems},
   JOURNAL = {M2AN},
    VOLUME = {36},
      YEAR = {2003},
    NUMBER = {6},
     PAGES = {1133--1159},
}
@article {mock80,
    AUTHOR = {Mock, M. S.},
     TITLE = {Systems of conservation laws of mixed type},
   JOURNAL = {J. Differential Equations},
  FJOURNAL = {Journal of Differential Equations},
    VOLUME = {37},
      YEAR = {1980},
    NUMBER = {1},
     PAGES = {70--88},
      ISSN = {0022-0396},
     CODEN = {JDEQAK},
   MRCLASS = {35L65},
  MRNUMBER = {81m:35088},
MRREVIEWER = {Ronald di Perna},
}
@article {abgrall88,
    AUTHOR = {Abgrall, R.},
     TITLE = {Generalisation of the Roe scheme for the computation of mixture of perfect gases},
   JOURNAL = {Recherche Aérospatiale},
  FJOURNAL = {Recherche Aérospatiale},
    VOLUME = {6},
      YEAR = {1988},
     PAGES = {31--43},
}
@PhdThesis{barberon02,
author = {Barberon, T.},
title = {Modélisation mathématique et numérique
de la cavitation dans les écoulements multiphasiques compressibles},
school = {Université de Toulon},
year = {2002},
month = december,
}
@PhdThesis{rouy00,
author = {Rouy, S.},
title = {Modélisation mathématique et numérique
d'écoulements diphasiques compressibles},
school = {Université de Toulon},
year = {2000},
month = {December},
}
@article {harten98,
    AUTHOR = {Harten, A. and Lax, P. D. and Levermore, C. D. and
              Morokoff, W. J.},
     TITLE = {Convex entropies and hyperbolicity for general {E}uler
              equations},
   JOURNAL = {SIAM J. Numer. Anal.},
  FJOURNAL = {SIAM Journal on Numerical Analysis},
    VOLUME = {35},
      YEAR = {1998},
    NUMBER = {6},
     PAGES = {2117--2127},
      ISSN = {1095-7170},
   MRCLASS = {76N15 (35L65 65M12)},
  MRNUMBER = {99j:76107},
MRREVIEWER = {Denis Serre},
}
@incollection {vila91,
    AUTHOR = {Chalabi, A. and Vila, J.-P.},
     TITLE = {Operator splitting, fractional steps method and entropy
              condition},
 BOOKTITLE = {Third International Conference on Hyperbolic Problems, Vol.\
              I, II (Uppsala, 1990)},
     PAGES = {226--240},
 PUBLISHER = {Studentlitteratur},
   ADDRESS = {Lund},
      YEAR = {1991},
   MRCLASS = {65M55},
  MRNUMBER = {1 109 286},
}
